@Comment А вот так оформляется библиография при помощи BibTeX.
%1
@Book{intellij,
  author =       {С. Давыдов, А. Ефимов.},
  title =        {IntelliJ IDEA. Профессиональное программирование на Java.},
  publisher =    {СПб.: БХВ},
  year =         {2005},
  language =     "russian"
}
%2
@Book{comp,
  author =       {S. Satav, S. Satpathy, K. Satao},
  title =        {A Comparative Study and Critical Analysis of Various Integrated Development Environments of C, C++, and Java Languages for Optimum Development},
  publisher =    {},
  year =         {2011},
  language =     "english"
}
%3
@Book{comp1,
  author =       {S. Kavitha, S. Sindhu},
  title =        {COMPARISON OF INTEGRATED DEVELOPMENT ENVIRONMENT (IDE) DEBUGGING TOOLS: ECLIPSE VS NETBEANS},
  publisher =    {International Research Journal of Engineering and Technology},
  year =         {2015},
  language =     "english"
}
%4
@Book{intellij1,
  author =       {S. Saunders, D. K. Fields, E. Belayev},
  title =        {IntelliJ IDEA in action},
  publisher =    {Greenwich, Conn. : Manning},
  year =         {2006},
  language =     "english"
}
%5
@Book{vim,
  author =       {И. Анфилатов},
  title =        {Немного о VIM и IDE},
  publisher =    {Habr},
  year =         {2017},
  language =     "russian"
}
%6
@Book{netbeans,
  author =       {Boudreau, T.; Glick, J.; Greene, S.},
  title =        {NetBeans: The Definitive Guide},
  publisher =    {},
  year =         {2002},
  language =     "english"
}
%7
@Book{vim1,
  author =       {A. Robbins, E. Hannah, L. Lamb},
  title =        {Learning the vi and Vim Editors},
  publisher =    {O'Reilly Media},
  year =         {2008},
  language =     "english"
}
%8
@Book{solaris,
  author =       {Gove, Darryl},
  title =        {Solaris Application Programming},
  publisher =    {},
  year =         {2008},
  language =     "english"
}
%9
@Book{bluej,
  author =       {Barnes, David J.; Kölling, Michael},
  title =        {Objects First with Java: A Practical Introduction Using BlueJ},
  publisher =    {},
  year =         {2011},
  language =     "english"
}
%10
@Book{eclipse,
  author =       {Holzner, Steve},
  title =        {Eclipse},
  publisher =    {},
  year =         {2004},
  language =     "english"
}
%11
@Book{eclipse1,
  author =       {Burnette, Ed},
  title =        {Eclipse IDE Pocket Guide},
  publisher =    {},
  year =         {2005},
  language =     "english"
}
%12
@Book{emacs,
  author =       {Ciccarelli, Eugene},
  title =        {An Introduction to the Emacs Editor},
  publisher =    {},
  year =         {1978},
  language =     "english"
}
%13
@Book{emacs1,
  author =       {Stallman, Richard M.},
  title =        {EMACS: The Extensible, Customizable, Self-Documenting Display Editor},
  publisher =    {},
  year =         {1981},
  language =     "english"
}
%14
@Book{emacs2,
  author =       {Glickstein, Bob},
  title =        {Writing GNU Emacs Extensions},
  publisher =    {},
  year =         {1997},
  language =     "english"
}
%15
@Book{vim2,
  author =       {Drew Neil},
  title =        {Practical Vim},
  publisher =    {},
  year =         {2015},
  language =     "english"
}
%16
@Book{vim3,
  author =       {Steve Oualline},
  title =        {Vim (Vi Improved)},
  publisher =    {},
  year =         {2001},
  language =     "english"
}
%17
@Book{intellij2,
  author =       {Jaroslaw Krochmalski},
  title =        {IntelliJ IDEA Essentials},
  publisher =    {},
  year =         {2014},
  language =     "english"
}
%18
@Book{qt,
  author =       {Lee Zhi Eng},
  title =        {Qt5 C++ GUI Programming Cookbook},
  publisher =    {},
  year =         {2019},
  language =     "english"
}
%19
@Book{visual,
  author =       {Peter Ritchie},
  title =        {Practical Microsoft Visual Studio 2015},
  publisher =    {},
  year =         {2016},
  language =     "english"
}
%20
@Book{visual1,
  author =       {Джон Шарп},
  title =        {Microsoft Visual C#. Подробное руководство},
  publisher =    {},
  year =         {2015},
  language =     "english"
}
