@Comment А вот так оформляется библиография при помощи BibTeX.

@Book{Abell,
  author =       {Abell, G. O., Corwin, H. G. Jr.},
  title =        {A Catalog of Rich Clusters of Galaxies},
  publisher =    {R. P. Astrophys. J. Suppl.},
  year =         {1989},
  language =     "english"
}

@Book{Planck,
  author =       {Planck collaboration},
  title =        {Planck 2015 results. XXVII. The second Planck catalogue of Sunyaev-Zeldovich 
                  sources.},
  publisher =    {Astron. Astrophys.},
  year =         {2015},
  language =     "english"
}
